@Book{item1,
author="John Doe",
title="First Book",
year="2005",
address="Cambridge",
publisher="Cambridge University Press"
}

@Article{item2,
author="John Foe",
title="Article about PanDoc Applications",
year="2006",
journal="Journal of Generic Studies",
volume="6",
pages="33-34"
}

@InCollection{item3,
author="John Doe and Jenny Roe",
title="Why Water Is Wet",
booktitle="Third Book",
editor="Sam Smith",
publisher="Oxford University Press",
address="Oxford",
year="2007"
}
@Article{trypandoc,
author="John MacFarlane",
title="Try Pandoc Online Demo",
year="2016",
journal="Journal of Generic Documents",
volume="6",
pages="13-134"
}
